<?xml version="1.0" encoding="UTF-8"?><collection xmlns="http://www.loc.gov/MARC21/slim"><record><leader>00449nam--2200169-u-4500</leader><controlfield tag="001">000051449</controlfield><controlfield tag="002">20161230</controlfield><controlfield tag="005">20161230201049</controlfield><controlfield tag="008">080717s1000------------r-----000-0-eng-d</controlfield><datafield ind1=" " ind2=" " tag="040"><subfield code="a">IFIN-HH</subfield></datafield><datafield ind1="1" ind2="0" tag="100"><subfield code="a">Nicolescu, Miron</subfield></datafield><datafield ind1="1" ind2=" " tag="245"><subfield code="a">Analiza matematica Vol. II</subfield></datafield><datafield ind1=" " ind2=" " tag="260"><subfield code="a">Bucuresti</subfield><subfield code="b">Editura Academiei Republicii Populare Romane</subfield><subfield code="c">1953</subfield></datafield><datafield ind1=" " ind2=" " tag="300"><subfield code="a">419 p</subfield></datafield><datafield ind1="1" ind2=" " tag="700"><subfield code="a">Miron Nicolescu</subfield></datafield><datafield ind1=" " ind2=" " tag="852"><subfield code="a">2204</subfield><subfield code="c">517.2/3</subfield></datafield><datafield ind1=" " ind2=" " tag="CAT"><subfield code="a">Sys</subfield><subfield code="c">20080717</subfield><subfield code="h">071827</subfield></datafield></record></collection>